@article{pham2021,
  author    = {Phạm Quốc Hoàng and Phạm Thị Hiền},
  title     = {Phân tích độ an toàn của thuật toán mật mã NTRU},
  journal   = {Tạp chí An toàn thông tin},
  number    = {5 (063)},
  year      = {2021}
}

@techreport{hofstein1998,
  author      = {Jeffrey Hofstein and Jill Pipher and Joseph H. Silverman},
  title       = {NTRU: A Ring-Based Public Key Cryptosystem},
  institution = {NTRU Cryptosystems},
  year        = {1998},
  url         = {https://www.ntru.org/f/hps98.pdf}
}

@thesis{khuc2017,
  author = {Khúc Xuân Thành},
  title  = {Luận văn thạc sĩ khoa học - Lý thuyết lưới và ứng dụng trong mật mã},
  year   = {2017},
  type   = {Master's thesis}
}

@book{washington2002,
  author    = {Lawrence C. Washington and Wade Trappe},
  title     = {Introduction to Cryptography with Coding Theory},
  year      = {2002},
  publisher = {Pearson Education International}
}

@misc{rsa,
  author = {{Wikipedia contributors}},
  title  = {Hệ mật mã RSA},
  year   = {2023},
  howpublished = {\url{https://vi.wikipedia.org/wiki/RSA_(m%C3%A3_h%C3%B3a)}}
}

@misc{lll,
  author = {{Wikipedia contributors}},
  title  = {Lenstra–Lenstra–Lovász lattice basis reduction algorithm},
  year   = {2023},
  howpublished = {\url{https://en.wikipedia.org/wiki/Lenstra%E2%80%93Lenstra%E2%80%93Lov%C3%A1sz_lattice_basis_reduction_algorithm}}
}

@misc{lll_rsa,
  author = {YouTube},
  title  = {Thuật toán LLL và RSA},
  year   = {2023},
  howpublished = {\url{https://www.youtube.com/watch?v=E5fJiaG84kM}}
}

@misc{vietnamnet,
  author = {VietnamNet},
  title  = {Toán rời rạc và Khoa học máy tính đã đi vào trung tâm của toán học},
  year   = {2023},
  howpublished = {\url{https://vietnamnet.vn/toan-roi-rac-va-khoa-hoc-may-tinh-da-di-vao-trung-tam-cua-toan-hoc-789965.html}}
}
